@book{sutton2018reinforcement,
  title={Reinforcement learning: An introduction},
  author={Sutton, Richard S and Barto, Andrew G},
  year={2018},
  publisher={MIT press}
}

@book{puterman2014markov,
  title={Markov decision processes: discrete stochastic dynamic programming},
  author={Puterman, Martin L},
  year={2014},
  publisher={John Wiley \& Sons}
}

@article{sutton1999policy,
  title={Policy gradient methods for reinforcement learning with function approximation},
  author={Sutton, Richard S and McAllester, David and Singh, Satinder and Mansour, Yishay},
  journal={Advances in neural information processing systems},
  volume={12},
  year={1999}
}

@article{williams1992simple,
  title={Simple statistical gradient-following algorithms for connectionist reinforcement learning},
  author={Williams, Ronald J},
  journal={Machine learning},
  volume={8},
  pages={229--256},
  year={1992},
  publisher={Springer}
}

@inproceedings{garcez2019neural,
  title={Neural-symbolic learning: An introduction},
  author={Garcez, Artur DS and Gori, Marco and Lamb, Luis C and Serafini, Luciano},
  booktitle={International Conference on Neural Information Processing},
  pages={3--15},
  year={2019},
  organization={Springer}
}

@misc{dong2019neural,
      title={Neural Logic Machines}, 
      author={Honghua Dong and Jiayuan Mao and Tian Lin and Chong Wang and Lihong Li and Denny Zhou},
      year={2019},
      eprint={1904.11694},
      archivePrefix={arXiv},
      primaryClass={cs.AI}
}

@article{boutilier2000stochastic,
  title={Stochastic dynamic programming with factored representations},
  author={Boutilier, Craig and Dearden, Richard and Goldszmidt, Mois{\'e}s},
  journal={Artificial intelligence},
  volume={121},
  number={1-2},
  pages={49--107},
  year={2000},
  publisher={Elsevier}
}

@misc{sen2021neurosymbolic,
      title={Neuro-Symbolic Inductive Logic Programming with Logical Neural Networks}, 
      author={Prithviraj Sen and Breno W. S. R. de Carvalho and Ryan Riegel and Alexander Gray},
      year={2021},
      eprint={2112.03324},
      archivePrefix={arXiv},
      primaryClass={cs.AI}
}

@article{riegel2020logical,
  title={Logical neural networks},
  author={Riegel, Ryan and Gray, Alexander and Luus, Francois and Khan, Naweed and Makondo, Ndivhuwo and Akhalwaya, Ismail Yunus and Qian, Haifeng and Fagin, Ronald and Barahona, Francisco and Sharma, Udit and others},
  journal={arXiv preprint arXiv:2006.13155},
  year={2020}
}

@article{serafini2016logic,
  title={Logic tensor networks: Deep learning and logical reasoning from data and knowledge},
  author={Serafini, Luciano and Garcez, Artur d'Avila},
  journal={arXiv preprint arXiv:1606.04422},
  year={2016}
}

@article{dzeroski2001relational,
  title={Relational reinforcement learning},
  author={D{\v{z}}eroski, Sa{\v{s}}o and De Raedt, Luc and Driessens, Kurt},
  journal={Machine learning},
  volume={43},
  pages={7--52},
  year={2001},
  publisher={Springer}
}

@misc{garcez2019neuralsymbolic,
      title={Neural-Symbolic Computing: An Effective Methodology for Principled Integration of Machine Learning and Reasoning}, 
      author={Artur d'Avila Garcez and Marco Gori and Luis C. Lamb and Luciano Serafini and Michael Spranger and Son N. Tran},
      year={2019},
      eprint={1905.06088},
      archivePrefix={arXiv},
      primaryClass={cs.AI}
}

@misc{kipf2017semisupervised,
      title={Semi-Supervised Classification with Graph Convolutional Networks}, 
      author={Thomas N. Kipf and Max Welling},
      year={2017},
      eprint={1609.02907},
      archivePrefix={arXiv},
      primaryClass={cs.LG}
}

@article{schlichtkrull2017modeling,
  title={Modeling Relational Data with Graph Convolutional Networks},
  author={Schlichtkrull, Michael and Kipf, Thomas N and Bloem, Peter and Berg, Rianne van den and Titov, Ivan and Welling, Max},
  journal={arXiv preprint arXiv:1703.06103},
  year={2017}
}

@misc{andreas2017neural,
      title={Neural Module Networks}, 
      author={Jacob Andreas and Marcus Rohrbach and Trevor Darrell and Dan Klein},
      year={2017},
      eprint={1511.02799},
      archivePrefix={arXiv},
      primaryClass={cs.CV}
}

@misc{hu2017learning,
      title={Learning to Reason: End-to-End Module Networks for Visual Question Answering}, 
      author={Ronghang Hu and Jacob Andreas and Marcus Rohrbach and Trevor Darrell and Kate Saenko},
      year={2017},
      eprint={1704.05526},
      archivePrefix={arXiv},
      primaryClass={cs.CV}
}